% レビュー分析
% 引用8000以上, svm
@inproceedings{pang2002thumbs,
  title={Thumbs up?: sentiment classification using machine learning techniques},
  author={Pang, Bo and Lee, Lillian and Vaithyanathan, Shivakumar},
  booktitle={Proceedings of the ACL-02 conference on Empirical methods in natural language processing-Volume 10},
  pages={79--86},
  year={2002},
  organization={Association for Computational Linguistics}
}
@article{dunning1993accurate,
  title={Accurate methods for the statistics of surprise and coincidence},
  author={Dunning, Ted},
  journal={Computational linguistics},
  volume={19},
  number={1},
  pages={61--74},
  year={1993},
  publisher={MIT Press}
}

% cross domain sentiment classification
@inproceedings{pan2010cross,
  title={Cross-domain sentiment classification via spectral feature alignment},
  author={Pan, Sinno Jialin and Ni, Xiaochuan and Sun, Jian-Tao and Yang, Qiang and Chen, Zheng},
  booktitle={Proceedings of the 19th international conference on World wide web},
  pages={751--760},
  year={2010},
  organization={ACM}
}

% RNN sentiment classification
@inproceedings{socher2013recursive,
  title={Recursive deep models for semantic compositionality over a sentiment treebank},
  author={Socher, Richard and Perelygin, Alex and Wu, Jean and Chuang, Jason and Manning, Christopher D and Ng, Andrew and Potts, Christopher},
  booktitle={Proceedings of the 2013 conference on empirical methods in natural language processing},
  pages={1631--1642},
  year={2013}
}
@inproceedings{dong2014adaptive,
  title={Adaptive recursive neural network for target-dependent twitter sentiment classification},
  author={Dong, Li and Wei, Furu and Tan, Chuanqi and Tang, Duyu and Zhou, Ming and Xu, Ke},
  booktitle={Proceedings of the 52nd annual meeting of the association for computational linguistics (volume 2: Short papers)},
  pages={49--54},
  year={2014}
}
@inproceedings{tang2015document,
  title={Document modeling with gated recurrent neural network for sentiment classification},
  author={Tang, Duyu and Qin, Bing and Liu, Ting},
  booktitle={Proceedings of the 2015 conference on empirical methods in natural language processing},
  pages={1422--1432},
  year={2015}
}

@article{kennedy2006sentiment,
  title={Sentiment classification of movie reviews using contextual valence shifters},
  author={Kennedy, Alistair and Inkpen, Diana},
  journal={Computational intelligence},
  volume={22},
  number={2},
  pages={110--125},
  year={2006},
  publisher={Wiley Online Library}
}
@inproceedings{ganu2009beyond,
  title={Beyond the stars: improving rating predictions using review text content.},
  author={Ganu, Gayatree and Elhadad, Noemie and Marian, Am{\'e}lie},
  booktitle={WebDB},
  volume={9},
  pages={1--6},
  year={2009},
  organization={Citeseer}
}
% Multitask Learning
@article{caruana1997multitask,
  title={Multitask learning},
  author={Caruana, Rich},
  journal={Machine learning},
  volume={28},
  number={1},
  pages={41--75},
  year={1997},
  publisher={Springer}
}
@inproceedings{collobert2008unified,
  title={A unified architecture for natural language processing: Deep neural networks with multitask learning},
  author={Collobert, Ronan and Weston, Jason},
  booktitle={Proceedings of the 25th international conference on Machine learning},
  pages={160--167},
  year={2008},
  organization={ACM}
}
@article{liu2015representation,
  title={Representation learning using multi-task deep neural networks for semantic classification and information retrieval},
  author={Liu, Xiaodong and Gao, Jianfeng and He, Xiaodong and Deng, Li and Duh, Kevin and Wang, Ye-Yi},
  year={2015}
}
@article{liu2016recurrent,
  title={Recurrent neural network for text classification with multi-task learning},
  author={Liu, Pengfei and Qiu, Xipeng and Huang, Xuanjing},
  journal={arXiv preprint arXiv:1605.05101},
  year={2016}
}
% multitask 機械翻訳
@inproceedings{dong2015multi,
  title={Multi-task learning for multiple language translation},
  author={Dong, Daxiang and Wu, Hua and He, Wei and Yu, Dianhai and Wang, Haifeng},
  booktitle={Proceedings of the 53rd Annual Meeting of the Association for Computational Linguistics and the 7th International Joint Conference on Natural Language Processing (Volume 1: Long Papers)},
  pages={1723--1732},
  year={2015}
}
@article{firat2016multi,
  title={Multi-way, multilingual neural machine translation with a shared attention mechanism},
  author={Firat, Orhan and Cho, Kyunghyun and Bengio, Yoshua},
  journal={arXiv preprint arXiv:1601.01073},
  year={2016}
}

% 単語の分散表現
@inproceedings{socher2013recursive,
  title={Recursive deep models for semantic compositionality over a sentiment treebank},
  author={Socher, Richard and Perelygin, Alex and Wu, Jean and Chuang, Jason and Manning, Christopher D and Ng, Andrew and Potts, Christopher},
  booktitle={Proceedings of the 2013 conference on empirical methods in natural language processing},
  pages={1631--1642},
  year={2013}
}
@inproceedings{le2014distributed,
  title={Distributed representations of sentences and documents},
  author={Le, Quoc and Mikolov, Tomas},
  booktitle={International conference on machine learning},
  pages={1188--1196},
  year={2014}
}
@article{kalchbrenner2014convolutional,
  title={A convolutional neural network for modelling sentences},
  author={Kalchbrenner, Nal and Grefenstette, Edward and Blunsom, Phil},
  journal={arXiv preprint arXiv:1404.2188},
  year={2014}
}
@inproceedings{liu2015multi,
  title={Multi-timescale long short-term memory neural network for modelling sentences and documents},
  author={Liu, Pengfei and Qiu, Xipeng and Chen, Xinchi and Wu, Shiyu and Huang, Xuanjing},
  booktitle={Proceedings of the 2015 conference on empirical methods in natural language processing},
  pages={2326--2335},
  year={2015}
}

% Word Embedding
@inproceedings{pennington2014glove,
  author = {Jeffrey Pennington and Richard Socher and Christopher D. Manning},
  booktitle = {Empirical Methods in Natural Language Processing (EMNLP)},
  title = {GloVe: Global Vectors for Word Representation},
  year = {2014},
  pages = {1532--1543},
  url = {http://www.aclweb.org/anthology/D14-1162},
}

%LSTM
@article{hochreiter1997long,
  title={Long short-term memory},
  author={Hochreiter, Sepp and Schmidhuber, J{\"u}rgen},
  journal={Neural computation},
  volume={9},
  number={8},
  pages={1735--1780},
  year={1997},
  publisher={MIT Press}
}

% BRNN
@article{schuster1997bidirectional,
  title={Bidirectional recurrent neural networks},
  author={Schuster, Mike and Paliwal, Kuldip K},
  journal={IEEE Transactions on Signal Processing},
  volume={45},
  number={11},
  pages={2673--2681},
  year={1997},
  publisher={IEEE}
}

% Attention
@inproceedings{larochelle2010learning,
  title={Learning to combine foveal glimpses with a third-order Boltzmann machine},
  author={Larochelle, Hugo and Hinton, Geoffrey E},
  booktitle={Advances in neural information processing systems},
  pages={1243--1251},
  year={2010}
}

@article{bahdanau2014neural,
  title={Neural machine translation by jointly learning to align and translate},
  author={Bahdanau, Dzmitry and Cho, Kyunghyun and Bengio, Yoshua},
  journal={arXiv preprint arXiv:1409.0473},
  year={2014}
}

% self attention
@article{lin2017structured,
  title={A structured self-attentive sentence embedding},
  author={Lin, Zhouhan and Feng, Minwei and Santos, Cicero Nogueira dos and Yu, Mo and Xiang, Bing and Zhou, Bowen and Bengio, Yoshua},
  journal={arXiv preprint arXiv:1703.03130},
  year={2017}
}

% 翻訳
@inproceedings{shen2017word,
  title={Word embedding based correlation model for question/answer matching},
  author={Shen, Yikang and Rong, Wenge and Jiang, Nan and Peng, Baolin and Tang, Jie and Xiong, Zhang},
  booktitle={Proceedings of the Thirty-First AAAI Conference on Artificial Intelligence},
  pages={3511--3517},
  year={2017}
}
